@misc{stochbbapi,
 title = {{StochBB -- Stochastic Building Blocks: Application Programming Interface}},
 author = {Hannes Matuschek},
 year = {2015},
 note = {http://hmatuschek.github.io/stochbb}
}